<?xml version="1.0" encoding="UTF-8"?><record xmlns="http://www.loc.gov/MARC21/slim" xmlns:cinclude="http://apache.org/cocoon/include/1.0" xmlns:zs="http://www.loc.gov/zing/srw/">
  <leader>00837cz  a2200181n  4500</leader>
  <controlfield tag="001">n  82138348 </controlfield>
  <controlfield tag="003">DLC</controlfield>
  <controlfield tag="005">20090104081126.0</controlfield>
  <controlfield tag="008">821014n| acannaabn          |a ana      </controlfield>
  <datafield tag="010" ind1=" " ind2=" ">
    <subfield code="a">n  82138348 </subfield>
  </datafield>
  <datafield tag="035" ind1=" " ind2=" ">
    <subfield code="a">(OCoLC)oca00834502</subfield>
  </datafield>
  <datafield tag="040" ind1=" " ind2=" ">
    <subfield code="a">DLC</subfield>
    <subfield code="b">eng</subfield>
    <subfield code="c">DLC</subfield>
    <subfield code="d">OCoLC</subfield>
  </datafield>
  <datafield tag="110" ind1="1" ind2=" ">
    <subfield code="a">Bahia (Brazil : State).</subfield>
    <subfield code="b">Centro de Desenvolvimento de Recursos Organizacionais</subfield>
  </datafield>
  <datafield tag="410" ind1="2" ind2=" ">
    <subfield code="a">C.E.N.D.R.O.</subfield>
  </datafield>
  <datafield tag="410" ind1="2" ind2=" ">
    <subfield code="a">CENDRO</subfield>
  </datafield>
  <datafield tag="410" ind1="1" ind2=" ">
    <subfield code="a">Bahia (Brazil : State).</subfield>
    <subfield code="b">Desenvolvimento de Recursos Organizacionais, Centro de</subfield>
  </datafield>
  <datafield tag="410" ind1="1" ind2=" ">
    <subfield code="a">Bahia (Brazil : State).</subfield>
    <subfield code="b">Centro de Pesquisas e Desenvolvimento.</subfield>
    <subfield code="b">Centro de Desenvolvimento de Recursos Organizacionais</subfield>
  </datafield>
  <datafield tag="670" ind1=" " ind2=" ">
    <subfield code="a">Recursos hum. na induĚst. de transf. petro., 1978 (a.e.)</subfield>
    <subfield code="b">t.p. (CEPED--Centro de Pesquisas e Desenvolvimento do Estado da Bahia, CENDRO--Centro de Desenvolvimento de Recursos Organizacionais)</subfield>
  </datafield>
</record>